<?xml version="1.0" encoding="UTF-8"?><marc:collection xmlns:marc="http://www.loc.gov/MARC21/slim">
  <marc:record>
    <marc:leader>00000cam a2200000 a 4500</marc:leader>
    <marc:controlfield tag="001">30000655</marc:controlfield>
    <marc:controlfield tag="003">### tag 003 at 2019-11-04 12:51:28.335 ###</marc:controlfield>
    <marc:controlfield tag="005">### tag 005 at 2019-11-04 12:51:28.335 ###</marc:controlfield>
    <marc:controlfield tag="008">### tag 008 at 2019-11-04 12:51:28.335 ###</marc:controlfield>
    <marc:datafield tag="024" ind1="1" ind2="0">
      <marc:subfield code="2">DNB</marc:subfield>
      <marc:subfield code="a">2116114-8</marc:subfield>
    </marc:datafield>
    <marc:datafield tag="034" ind1="1" ind2="0">
      <marc:subfield code="d">13.39099</marc:subfield>
      <marc:subfield code="f">52.51752</marc:subfield>
    </marc:datafield>
    <marc:datafield tag="040" ind1="1" ind2="0">
      <marc:subfield code="a">DE-633</marc:subfield>
      <marc:subfield code="b">### tag 040-code b at 2019-11-04 12:51:28.335 ###</marc:subfield>
      <marc:subfield code="c">### tag 040-code c at 2019-11-04 12:51:28.335 ###</marc:subfield>
      <marc:subfield code="d">### tag 040-code d at 2019-11-04 12:51:28.335 ###</marc:subfield>
    </marc:datafield>
    <marc:datafield tag="043" ind1="1" ind2="0">
      <marc:subfield code="c">XA-DE</marc:subfield>
    </marc:datafield>
    <marc:datafield tag="110" ind1="1" ind2="0">
      <marc:subfield code="a">Staatsbibliothek zu Berlin - Preußischer Kulturbesitz, Musikabteilung</marc:subfield>
      <marc:subfield code="c">Berlin</marc:subfield>
      <marc:subfield code="g">D-B</marc:subfield>
    </marc:datafield>
    <marc:datafield tag="368" ind1="1" ind2="0">
      <marc:subfield code="a">B; K</marc:subfield>
    </marc:datafield>
    <marc:datafield tag="371" ind1="1" ind2="0">
      <marc:subfield code="a">Staatsbibliothek zu Berlin - Preußischer,  Kulturbesitz, Musikabteilung, Unter den Linden 8, 10117 Berlin, Germany</marc:subfield>
      <marc:subfield code="b">### tag 371-code b at 2019-11-04 12:51:28.335 ###</marc:subfield>
      <marc:subfield code="c">### tag 371-code c at 2019-11-04 12:51:28.335 ###</marc:subfield>
      <marc:subfield code="d">### tag 371-code d at 2019-11-04 12:51:28.335 ###</marc:subfield>
      <marc:subfield code="e">### tag 371-code e at 2019-11-04 12:51:28.335 ###</marc:subfield>
      <marc:subfield code="m">### tag 371-code m at 2019-11-04 12:51:28.335 ###</marc:subfield>
      <marc:subfield code="u">http://staatsbibliothek-berlin.de/</marc:subfield>
      <marc:subfield code="z">### tag 371-code z at 2019-11-04 12:51:28.335 ###</marc:subfield>
    </marc:datafield>
    <marc:datafield tag="373" ind1="1" ind2="0">
      <marc:subfield code="a">### tag 373-code a at 2019-11-04 12:51:28.335 ###</marc:subfield>
    </marc:datafield>
    <marc:datafield tag="410" ind1="1" ind2="0">
      <marc:subfield code="a">Stiftung Preußischer Kulturbesitz</marc:subfield>
    </marc:datafield>
    <marc:datafield tag="510" ind1="1" ind2="0">
      <marc:subfield code="a">### tag 510-code a at 2019-11-04 12:51:28.335 ###</marc:subfield>
    </marc:datafield>
    <marc:datafield tag="551" ind1="1" ind2="0">
      <marc:subfield code="0">3900054</marc:subfield>
      <marc:subfield code="a">Berlin</marc:subfield>
    </marc:datafield>
    <marc:datafield tag="580" ind1="1" ind2="0">
      <marc:subfield code="0">### tag 580-code 0 at 2019-11-04 12:51:28.335 ###</marc:subfield>
      <marc:subfield code="x">### tag 580-code x at 2019-11-04 12:51:28.335 ###</marc:subfield>
    </marc:datafield>
    <marc:datafield tag="667" ind1="1" ind2="0">
      <marc:subfield code="a">### tag 667-code a at 2019-11-04 12:51:28.335 ###</marc:subfield>
    </marc:datafield>
    <marc:datafield tag="670" ind1="1" ind2="0">
      <marc:subfield code="0">### tag 670-code 0 at 2019-11-04 12:51:28.335 ###</marc:subfield>
      <marc:subfield code="a">### tag 670-code a at 2019-11-04 12:51:28.335 ###</marc:subfield>
    </marc:datafield>
    <marc:datafield tag="678" ind1="1" ind2="0">
      <marc:subfield code="a">### tag 678-code a at 2019-11-04 12:51:28.335 ###</marc:subfield>
    </marc:datafield>
    <marc:datafield tag="680" ind1="1" ind2="0">
      <marc:subfield code="a">### tag 680-code a at 2019-11-04 12:51:28.335 ###</marc:subfield>
    </marc:datafield>
    <marc:datafield tag="700" ind1="1" ind2="0">
      <marc:subfield code="0">### tag 700-code 0 at 2019-11-04 12:51:28.335 ###</marc:subfield>
      <marc:subfield code="4">### tag 700-code 4 at 2019-11-04 12:51:28.335 ###</marc:subfield>
      <marc:subfield code="5">### tag 700-code 5 at 2019-11-04 12:51:28.335 ###</marc:subfield>
      <marc:subfield code="a">### tag 700-code a at 2019-11-04 12:51:28.335 ###</marc:subfield>
      <marc:subfield code="d">### tag 700-code d at 2019-11-04 12:51:28.335 ###</marc:subfield>
      <marc:subfield code="e">### tag 700-code e at 2019-11-04 12:51:28.335 ###</marc:subfield>
      <marc:subfield code="t">### tag 700-code t at 2019-11-04 12:51:28.335 ###</marc:subfield>
    </marc:datafield>
    <marc:datafield tag="710" ind1="1" ind2="0">
      <marc:subfield code="0">30060871</marc:subfield>
      <marc:subfield code="a">Sammlung Wernigerode (Gräflich Stolbergische Bibliothek)</marc:subfield>
    </marc:datafield>
    <marc:datafield tag="856" ind1="1" ind2="0">
      <marc:subfield code="u">### tag 856-code u at 2019-11-04 12:51:28.335 ###</marc:subfield>
      <marc:subfield code="z">### tag 856-code z at 2019-11-04 12:51:28.335 ###</marc:subfield>
    </marc:datafield>
  </marc:record>
</marc:collection>
